 
 
 @manual{coyle2021sl3,
      author = {Coyle, Jeremy R and Hejazi, Nima S and Malenica, Ivana and
        Sofrygin, Oleg},
      title = {{sl3}: Modern Pipelines for Machine Learning and {Super
        Learning}},
      year = {2021},
      howpublished = {\url{https://github.com/tlverse/sl3}},
      note = {{R} package version 1.4.2},
      url = {https://doi.org/10.5281/zenodo.1342293},
      doi = {10.5281/zenodo.1342293}
    }
    
    

@article{TMLERR,
  title={Targeted Maximum Likelihood Estimation of Conditional Relative Risk in a Semi-parametric Regression Model},
  author={Tuglus, Cathy and Porter, Kristin and van der Laan, Mark},
  journal={U.C. BERKELEY DIVISION OF BIOSTATISTICS WORKING PAPER SERIES},
  year={2011},
  volume={Working paper 283},
}


@article{vanderLaanetal2007,
  title={Super learner},
  author={van der Laan, Mark J and Polley, Eric C and Hubbard, Alan E},
  journal={Statistical Applications in Genetics and Molecular Biology},
  year={2007},
  volume={6},
  pages={number 1}
}

@Article{Rubin2005,
  author =          {Rubin, DB},
  title =          {Causal inference using potential outcomes:  Design,
    modeling, decisions.},
  journal =          {Journal of the American Statistical Association},
  year =          {2005},
  volume =          {100},
  pages =          {322-331}
}



@article{PorterLaanPerform,
  author = { Porter, K. E. and Gruber, S. and van der Laan, M. J. and Sekhon, J. S.},
  title = {The relative performance of targeted maximum likelihood estimators},
  volume = "7(1)",
  number =31,
  journal = {The international journal of biostatistics},
  year = {2011},
  link = {https://doi.org/10.2202/1557-4679.1308}
}




@article{TchetgenOddsRatio,
  author = {Tchetgen Tchetgen, E.J. and Robins, J.M. and Rotnitzky, A.},
  title = {On doubly robust estimation in a semiparametric odds ratio model},
  volume = 97,
  pages= {171--180},
  journal = {Biometrika},
  year = {2010}
}



@article{OddsRatioreadingsTMLE,
  author = {M. van der Laan},
  title = {Readings in Targeted Maximum Likelihood Estimation},
  pages= {621-622,626-629},
  journal = {Biostatistics Working Paper Series Working Paper 253},
  year = {2009}
}


@article{Schick,
  author = {A. Schick},
  title = {On asymptotically efficient estimation in semiparametric models
  },
  volume = 14,
  number = 3,
  pages = "1139--1151",
  journal = {The Annals of Statistics},
  year = {1986},
  link = {https://doi.org/10.1093/biostatistics/kxz042}
}

@article{DiazDoubleML,
  author = {Ivan Diaz},
  title = {Machine learning in the estimation of causal effects: targeted minimum loss-based estimation and double/debiased machine learning
  },
  volume = 21,
  number = 2,
  pages = "353--358",
  journal = {Biostatistics (Oxford, England)},
  year = {2020},
  link = {https://doi.org/10.1093/biostatistics/kxz042}
}

@ARTICLE{cvTMLEDoubleML, title={CV-TMLE and double machine learning}, year = {2019}, author = {Mark van der Laan}, url={https://vanderlaan-lab.org/2019/12/24/cv-tmle-and-double-machine-learning/}, journal={The Research Group of Mark van der Laan, Blog}}



@article{KangSchaferAIPW,
  author = {Kang, J. D. Y. and Schafer, J. L.},
  title = {Demystifying Double Robustness:
      A Comparison of Alternative Strategies for Estimating a Population Mean From Incomplete Data
  },
  volume = 22,
  pages = "523–-39",
  journal = {Statistical Science},
  year = {2007}
}



@article{laan_rubin_2006, title={Targeted Maximum Likelihood Learning}, volume={2}, DOI={10.2202/1557-4679.1043}, number={1}, journal={The International Journal of Biostatistics}, author={Laan, Mark J. Van Der and Rubin, Daniel}, year={2006}}


@article{robinsCausal,
  author = {Robins, James M and Rotnitzky, Andrea and Zhao, Lue Ping},
  title = {Marginal Structural Models and Causal Inference in Epidemiology
  },
  volume = 89,
  number = 427,
  pages = "846--866",
  journal = {Journal of the American statistical Association},
  year = {1994}
}


@ARTICLE{Friedman2010,
  title   = "Regularization Paths for Generalized Linear Models via Coordinate
             Descent",
  author  = "Friedman, Jerome and Hastie, Trevor and Tibshirani, Robert",
  journal = "Journal of Statistical Software",
  volume  =  33,
  number  =  1,
  pages   = "1--22",
  year    =  2010,
  url     = "https://www.jstatsoft.org/v33/i01/"
}

@ARTICLE{Tibshirani94regressionshrinkage,
  author = {Robert Tibshirani},
  title = {Regression Shrinkage and Selection Via the Lasso},
  journal = {Journal of the Royal Statistical Society, Series B},
  year = {1994},
  volume = {58},
  pages = {267--288}
}

@article{vanderlaanGenerlaTMLEFIRST,
  author = {M. van der Laan},
  title = {A generally efficient targeted minimum loss based estimator},
  journal = {Biostatistics Working Paper Series Working Paper 343.},
  year = {2015}
}

@article{vanderlaanGenerlaTMLE,
  author = {M. van der Laan},
  title = {A Generally Efficient Targeted Minimum Loss Based Estimator based on the Highly Adaptive Lasso},
  volume = {13},
  number = {2},
  journal = {The international journal of biostatistics},
  year = {2017},
  doi = {/10.1515/ijb-2015-0097},
  URL = {https://doi.org/10.1515/ijb-2015-0097}
}


@article{geerLocalAdapt,
  author = {Enno Mammen and Sara van de Geer},
  title = {{Locally adaptive regression splines}},
  volume = {25},
  journal = {The Annals of Statistics},
  number = {1},
  publisher = {Institute of Mathematical Statistics},
  pages = {387 -- 413},
  
  year = {1997},
  doi = {10.1214/aos/1034276635},
  URL = {https://doi.org/10.1214/aos/1034276635}
}



@misc{fang2020multivariate,
  title={Multivariate extensions of isotonic regression and total variation denoising via entire monotonicity and Hardy-Krause variation}, 
  author={Billy Fang and Adityanand Guntuboyina and Bodhisattva Sen},
  year={2020},
  eprint={1903.01395},
  archivePrefix={arXiv},
  primaryClass={math.ST}
}

@misc{vanderlaan2021efficient,
  title={Efficient Estimation of Pathwise Differentiable Target Parameters with the Undersmoothed Highly Adaptive Lasso}, 
  author={Mark J. van der Laan and David Benkeser and Weixin Cai},
  year={2019},
  eprint={1908.05607},
  archivePrefix={arXiv},
  primaryClass={math.ST}
}



@misc{bibaut2019fast,
  title={Fast rates for empirical risk minimization over c\`adl\`ag functions with bounded sectional variation norm}, 
  author={Aurélien F. Bibaut and Mark J. van der Laan},
  year={2019},
  eprint={1907.09244},
  archivePrefix={arXiv},
  primaryClass={math.ST}
}

@article{ChambazLaanVarimp,
  author = {Antoine Chambaz and Pierre Neuvial and Mark J. van der Laan},
  title = {{Estimation of a non-parametric variable importance measure of a continuous exposure}},
  volume = {6},
  journal = {Electronic Journal of Statistics},
  number = {none},
  publisher = {Institute of Mathematical Statistics and Bernoulli Society},
  pages = {1059 -- 1099},
  keywords = {asymptotics, Non-parametric estimation, robustness, targeted minimum loss estimation, Variable importance measure},
  year = {2012},
  doi = {10.1214/12-EJS703},
  URL = {https://doi.org/10.1214/12-EJS703}
}


@misc{kennedy2021semiparametric,
  title={Semiparametric counterfactual density estimation}, 
  author={Edward H. Kennedy and Sivaraman Balakrishnan and Larry Wasserman},
  year={2021},
  eprint={2102.12034},
  archivePrefix={arXiv},
  primaryClass={stat.ME}
}


@article{NEUGEBAUER2007419,
  title = {Nonparametric causal effects based on marginal structural models},
  journal = {Journal of Statistical Planning and Inference},
  volume = {137},
  number = {2},
  pages = {419-434},
  year = {2007},
  issn = {0378-3758},
  doi = {https://doi.org/10.1016/j.jspi.2005.12.008},
  url = {https://www.sciencedirect.com/science/article/pii/S0378375806000334},
  author = {Romain Neugebauer and Mark {van der Laan}},
  
}


@Book{Pearl2009,
  author =          {Pearl, J},
  ALTeditor =          {},
  title =          {Causality: {M}odels, {R}easoning, and {I}nference, {Second} {E}dition},
  publisher =          {Cambridge University Press },
  year =          {2009},
  OPTkey =          {},
  OPTvolume =          {},
  OPTnumber =          {},
  OPTseries =          {},
  address =          {London},
  OPTedition =          {},
  OPTmonth =          {},
  OPTnote =          {},
  OPTannote =          {}
}

@article{SurvOneStepTmle,
  author = {Cai, Weixin and van der Laan, Mark J.},
  title = {One-step targeted maximum likelihood estimation for time-to-event outcomes},
  journal = {Biometrics},
  volume = {76},
  number = {3},
  pages = {722-733},
  year = {2020}
}




@article{AdaptCI,
  author = {Christopher Genovese and Larry Wasserman},
  title = {{Adaptive confidence bands}},
  volume = {36},
  journal = {The Annals of Statistics},
  number = {2},
  publisher = {Institute of Mathematical Statistics},
  pages = {875 -- 905},
  keywords = {adaptive confidence sets, lower bounds, Nonparametric confidence bands, Nonparametric regression},
  year = {2008},
  doi = {10.1214/07-AOS500},
  URL = {https://doi.org/10.1214/07-AOS500}
}




@book{vaart_1998, place={Cambridge}, series={Cambridge Series in Statistical and Probabilistic Mathematics}, title={Asymptotic Statistics}, DOI={10.1017/CBO9780511802256}, publisher={Cambridge University Press}, author={Vaart, A. W. van der}, year={1998}, collection={Cambridge Series in Statistical and Probabilistic Mathematics}}


@article{Farrell2018DeepNN,
  title={Deep Neural Networks for Estimation and Inference: Application to Causal Effects and Other Semiparametric Estimands},
  author={M. Farrell and Tengyuan Liang and S. Misra},
  journal={ArXiv},
  year={2018},
  volume={abs/1809.09953}
}

@article{DoubleML,
  title={Double/debiased machine learning for treatment and structural parameters.},
  author={Chernozhukov, V. and Chetverikov D. and Demirer, M. and Duflo, E. and Hansen, C. and Newey, W. and Robins, J.},
  journal={The Econometrics Journal},
  volume={21},
  pages={C1-C68},
  year={2018},
  doi={10.1111/ectj.12097}
}

@article{bangrobins,
  author = {Bang, Heejung and Robins, James M.},
  title = {Doubly Robust Estimation in Missing Data and Causal Inference Models},
  journal = {Biometrics},
  volume = {61},
  number = {4},
  pages = {962-973},
  
  year = {2005}
}


@Book{vanderVaartWellner,
  author =          {van der Vaart, A and Wellner, JA},
  ALTeditor =          {},
  title =          {Weak Convergence and Empirical Processes},
  publisher =          {Springer},
  year =          {1996},
  
}

@Book{vanderlaanunified,
  author =          {Mark J. van der Laan and James M. Robins},
  ALTeditor =          {},
  title =          {Unified Methods for Censored Longitudinal Data and Causality},
  publisher =          {Springer},
  year =          {2003},
  
}

@article{D_az_2020,
  title={Causal mediation analysis for stochastic interventions},
  volume={82},
  ISSN={1369-7412},
  url={http://dx.doi.org/10.1111/rssb.12362},
  DOI={10.1111/rssb.12362},
  number={3},
  journal={Journal of the Royal Statistical Society: Series B (Statistical Methodology)},
  publisher={Wiley},
  author={Díaz, Iván and Hejazi, Nima S.},
  year={2020},
  month={Feb},
  pages={661–683}
}

@article{vander2016,
  title={One-Step Targeted Minimum Loss-based Estimation Based on Universal Least Favorable One-Dimensional Submodels},
  author={van der Laan, Mark J and Gruber, Susan},
  year={2016},
  journal={Int. J. Biostat.},
  volume={12(1)},
  pages={351-78}
}

@article{DudoitVanderLaan2005,
  title={Asymptotics of cross-validated risk estimation in estimator selection and performance assessment.},
  author={van der Laan, Mark J and Dudoit, S},
  year={2005},
  journal={Statistical Methodology},
  volume={2},
  pages={131--154}
}


@Article{vanderLaanGruber2010,
  author =          {van der Laan, MJ and Gruber, S},
  title =          {Collaborative double robust targeted maximum likelihood estimation},
  journal =          {International Journal of Biostatistics},
  year =          {2010},
  OPTkey =          {},
  volume =          {6},
  OPTnumber =          {},
  pages =          {Article 17},
  note={PMCID: PMC2898626}
}

@article{MooreAdjustment,
  title={Covariate adjustment in randomized trials with binary outcomes: targeted maximum likelihood estimation},
  author={Moore KL, van der Laan MJ},
  journal={Stat Med},
  volume={28(1)},
  pages={39-64},
  year={2009},
  doi={10.1002/sim.3445}
}

@article{HAL2016,
  title={The Highly Adaptive Lasso Estimator},
  author={Benkeser, David and van der Laan, Mark},
  journal={International Conference on Data Science and Advanced Analytics},
  pages={689--696},
  year={2016},
  doi={10.1109/DSAA.2016.93}
}


@article{CallegaroTibaldi2019,
  author={Callegaro, A and Tibaldi, F},
  title={Assessing correlates of protection in vaccine trials: statistical solutions in the context of high vaccine efficacy},
  journal={BMC Medical Research Methodology},
  year={2019},
  volume={19(1)},
  pages={1-7}
}

@Article{Chan2002,
  author =          {Chan, ISF and Shu, L and Matthews, H and Chan, C and Vessey, R and
    Sadoff, J and Heyse, J},
  title =          {Use of statistical models for evaluating antibody
    response as a correlate of protection against varicella.},
  journal =          {Statistics in Medicine},
  year =          {2002},
  volume =          {21},
  pages =          {3411-3430}
}

@Article{Siberetal2007,
  author =          {Siber, GR and Chang, I and Baker, S and Fernsten, P and O'Brien, KL and Santosham, M and Klugman, KP and Madhi, SA and Paradiso, P and Kohberger, R},
  title =          {Estimating the protective concentration of anti-pneumococcal capsular polysaccharide antibodies.},
  journal =          {Vaccine},
  year =          {2007},
  volume =       {25},
  pages =        {3816--3826}
}

@article{DonovanHudgensGilbert2019,
  title={Nonparametric inference for immune response thresholds of risk in vaccine studies},
  author={Donovan, KM and Hudgens, MG and Gilbert, Peter B},
  journal={Annals of Applied Statistics},
volume={13},
  number={2},
  pages={1147--1165},
  year={2019},
  publisher={Institute of Mathematical Statistics},
  note={PMCID:
    PMC6613658
    [Delayed release (embargo): Available on 2020-06-01]}}
}

@article{WestlingCarone2020,
  title={A unified study of nonparametric inference for monotone functions},
  author={Westling, T and Carone, M}, 
  journal={Annals of Statistics},
  volume={48(2)},
  pages={1001-1024},
  year={2020}
  }

@book{bickel1993efficient,
  title={Efficient and adaptive estimation for semiparametric models},
  author={Bickel, Peter J and Klaassen, Chris AJ and Ritov, YA'Acov and Wellner, JA},
volume={4},
year={1993},
publisher={Johns Hopkins University Press Baltimore}
}

@Article{Moodieetal2018,
  author = {Moodie, Z and Juraska, M and Huang, Y and Zhuang, Y and Fong, Y and Carpp, LN and Self, SG and Chambonneau, L and Small, R and Jackson, N and Noriega, F and Gilbert, Peter B},
  title = {Neutralizing antibody correlates analysis of tetravalent dengue vaccine efficacy trials in {Asia} and {Latin America}.},
  journal={Journal of Infectious Diseases},
  year={2018}
  ,volume={217(5)},pages={742--753},
  note={PMCID:
      PMC5854020}
}

@book{vanderLaanRose2011,
  title={Targeted Learning: Causal Inference for Observational and Experimental Data},
  author={van der Laan, Mark J and Rose, Sherri},
  year={2011},
  publisher={Springer},
  address =          {New York}
}

@article{kennedy2016doubly,
  title={Doubly robust causal inference with complex parameters},
  author={Kennedy, Edward Henry},
  year={2016}
}

@article{diaz2013targeted,
  title={Targeted data adaptive estimation of the causal dose--response curve},
  author={D{\'\i}az, Iv{\'a}n and van der Laan, Mark J},
  journal={Journal of Causal Inference},
  volume={1},
  number={2},
  pages={171--192},
  year={2013},
  publisher={De Gruyter}
}

@article{PriceGilbertvanderLaan2018,
  title={Estimation of the optimal surrogate based on a randomized trial},
  author={Price, Brenda L and Gilbert, Peter B and van der Laan, Mark J},
  journal={Biometrics},
  volume={74},
  number={4},
  pages={1271--1281},
  year={2018},
  publisher={Wiley Online Library},
  note={PMCID:
    PMC6393111}
}


@article{einstein,
    author =       "Albert Einstein",
    title =        "{Zur Elektrodynamik bewegter K{\"o}rper}. ({German})
        [{On} the electrodynamics of moving bodies]",
    journal =      "Annalen der Physik",
    volume =       "322",
    number =       "10",
    pages =        "891--921",
    year =         "1905",
    DOI =          "http://dx.doi.org/10.1002/andp.19053221004"
}

 @Manual{hal1,
    title = {{hal9001}: The scalable highly adaptive lasso},
    author = {Jeremy R Coyle and Nima S Hejazi and Mark J {van der
      Laan}},
    year = {2021},
    note = {R package version 0.2.7},
    doi = {10.5281/zenodo.3558313},
    url = {https://github.com/tlverse/hal9001},
  }
  @Article{hal2,
    title = {{hal9001}: Scalable highly adaptive lasso regression in
      {R}},
    author = {Nima S Hejazi and Jeremy R Coyle and Mark J {van der
      Laan}},
    year = {2020},
    journal = {Journal of Open Source Software},
    publisher = {The Open Journal},
    doi = {10.21105/joss.02526},
    url = {https://doi.org/10.21105/joss.02526},
  }
  
  
  
  @article{Benkeseretal2017,
  
title={Doubly robust nonparametric inference on the average treatment effect},
  
author={Benkeser, David and Carone, Marco and Laan, MJ Van Der and Gilbert, PB},
  
journal={Biometrika},
  volume={104},
  number={4},
  pages={863--880},
  
year={2017},
  publisher={Oxford University Press}
}


 
@article{patel2021evaluation,
  title={Evaluation of post-introduction COVID-19 Vaccine Effectiveness: Summary of interim guidance of the World Health Organization},
  author={Patel, Minal K and Bergeri, Isabel and Bresee, Joseph S and Cowling, Benjamin J and Crowcroft, Natasha S and Fahmy, Kamal and Hirve, Siddhivinayak and Kang, Gagandeep and Katz, Mark A and Lanata, Claudio F and others},
  journal={Vaccine},
  year={2021},
  publisher={Elsevier}
}

@article{verani2015indirect,
  title={Indirect cohort analysis of 10-valent pneumococcal conjugate vaccine effectiveness against vaccine-type and vaccine-related invasive pneumococcal disease},
  author={Verani, Jennifer R and Domingues, Carla Magda A Santos and de Moraes, Jos{\'e} Cassio and Brazilian Pneumococcal Conjugate Vaccine Effectiveness Study Group and others},
  journal={Vaccine},
  volume={33},
  number={46},
  pages={6145--6148},
  year={2015},
  publisher={Elsevier}
}

@article{rolland2021sieve,
  title={Sieve analysis to understand how SARS-CoV-2 diversity can impact vaccine protection},
  author={Rolland, Morgane and Gilbert, Peter B},
  journal={PLoS Pathogens},
  volume={17},
  number={3},
  pages={e1009406},
  year={2021},
  publisher={Public Library of Science San Francisco, CA USA}
}

@article{follmann2018sieve,
  title={Sieve analysis using the number of infecting pathogens},
  author={Follmann, Dean and Huang, Chiung-Yu},
  journal={Biometrics},
  volume={74},
  number={3},
  pages={1023--1033},
  year={2018},
  publisher={Wiley Online Library}
}

@article{gilbert1998statistical,
  title={Statistical methods for assessing differential vaccine protection against human immunodeficiency virus types},
  author={Gilbert, Peter B and Self, Steven G and Ashby, Mark A},
  journal={Biometrics},
  pages={799--814},
  year={1998},
  publisher={JSTOR}
}

@article{gilbert1999maximum,
  title={Maximum likelihood estimation in semiparametric selection bias models with application to AIDS vaccine trials},
  author={Gilbert, Peter B and Lele, Subhash R and Vardi, Yehuda},
  journal={Biometrika},
  volume={86},
  number={1},
  pages={27--43},
  year={1999},
  publisher={Oxford University Press}
}

@article{WHOguidance2021,
author={World Health Organization},
year={2021},
title={Critical preparedness, readiness and response actions for {COVID-19}: Interim guidance, 27 March 2021}
}
